<record><leader>00000cas a22000007a 4500</leader><controlfield tag="001">13640279</controlfield><controlfield tag="008">860523d19741980wiuwr ne      0    0eng d</controlfield><datafield ind1=" " ind2=" " tag="010"><subfield code="a">sn 86086224 </subfield></datafield><datafield ind1=" " ind2=" " tag="040"><subfield code="a">NPV</subfield><subfield code="b">eng</subfield><subfield code="c">NPV</subfield><subfield code="d">OCLCQ</subfield></datafield><datafield ind1=" " ind2=" " tag="042"><subfield code="a">msc</subfield></datafield><datafield ind1=" " ind2=" " tag="045"><subfield code="a">x7x8</subfield></datafield><datafield ind1=" " ind2=" " tag="052"><subfield code="a">4123</subfield><subfield code="b">V4</subfield></datafield><datafield ind1="0" ind2=" " tag="130"><subfield code="a">La Farge epitaph (La Farge, Wis. : 1974)</subfield></datafield><datafield ind1="1" ind2="4" tag="245"><subfield code="a">The La Farge epitaph.</subfield></datafield><datafield ind1="1" ind2="3" tag="246"><subfield code="a">Epitaph</subfield></datafield><datafield ind1=" " ind2=" " tag="260"><subfield code="a">La Farge, Wis. :</subfield><subfield code="b">[s.n.],</subfield><subfield code="c">1974-1980.</subfield></datafield><datafield ind1=" " ind2=" " tag="300"><subfield code="a">5 v. :</subfield><subfield code="b">ill.</subfield></datafield><datafield ind1=" " ind2=" " tag="310"><subfield code="a">Weekly</subfield></datafield><datafield ind1="0" ind2=" " tag="362"><subfield code="a">Vol. 3, no. 33 (Aug. 21, 1974)-v. 9, no. 43 (Oct. 22, 1980).</subfield></datafield><datafield ind1=" " ind2=" " tag="500"><subfield code="a">Editors: L.L. Muller, Aug. 21, 1974-Sept. 14, 1977; P. Beckstrand, Sept. 21, 1977-Oct. 22, 1980.</subfield></datafield><datafield ind1=" " ind2=" " tag="530"><subfield code="a">Available on microfilm from The State Historical Society of Wisconsin.</subfield></datafield><datafield ind1=" " ind2=" " tag="752"><subfield code="a">United States</subfield><subfield code="b">Wisconsin</subfield><subfield code="c">Vernon</subfield><subfield code="d">La Farge.</subfield></datafield><datafield ind1="0" ind2="0" tag="780"><subfield code="t">Epitaph</subfield><subfield code="w">(DLC)sn 86086223</subfield></datafield><datafield ind1="0" ind2="0" tag="785"><subfield code="t">River and hills epitaph</subfield><subfield code="w">(DLC)sn 86086225</subfield></datafield><datafield ind1="1" ind2=" " tag="029"><subfield code="a">AU@</subfield><subfield code="b">000025825290</subfield></datafield></record>